
 %{AMS}
 @String{AMSTrans = "American Mathematical Society Translations" }
 @String{AMSTrans = "Amer. Math. Soc. Transl." }
 @String{BullAMS = "Bulletin of the American Mathematical Society" }
 @String{BullAMS = "Bull. Amer. Math. Soc." }
 @String{ProcAMS = "Proceedings of the American Mathematical Society" }
 @String{ProcAMS = "Proc. Amer. Math. Soc." }
 @String{TransAMS = "Transactions of the American Mathematical Society" }
 @String{TransAMS = "Trans. Amer. Math. Soc." }

 %ACM
 @String{CACM = "Communications of the {ACM}" }
 @String{CACM = "Commun. {ACM}" }
 @String{CompServ = "Comput. Surveys" }
 @String{JACM = "J. ACM" }
 @String{ACMMathSoft = "{ACM} Transactions on Mathematical Software" }
 @String{ACMMathSoft = "{ACM} Trans. Math. Software" }
 @String{SIGNUM = "{ACM} {SIGNUM} Newsletter" }
 @String{SIGNUM = "{ACM} {SIGNUM} Newslett." }

 @String{AmerSocio = "American Journal of Sociology" }
 @String{AmerStatAssoc = "Journal of the American Statistical Association" }
 @String{AmerStatAssoc = "J. Amer. Statist. Assoc." }
 @String{ApplMathComp = "Applied Mathematics and Computation" }
 @String{ApplMathComp = "Appl. Math. Comput." }
 @String{AmerMathMonthly = "American Mathematical Monthly" }
 @String{AmerMathMonthly = "Amer. Math. Monthly" }
 @String{BIT = "{BIT}" }
 @String{BritStatPsych = "British Journal of Mathematical and Statistical
          Psychology" }
 @String{BritStatPsych = "Brit. J. Math. Statist. Psych." }
 @String{CanMathBull = "Canadian Mathematical Bulletin" }
 @String{CanMathBull = "Canad. Math. Bull." }
 @String{CompApplMath = "Journal of Computational and Applied Mathematics" }
 @String{CompApplMath = "J. Comput. Appl. Math." }
 @String{CompPhys = "Journal of Computational Physics" }
 @String{CompPhys = "J. Comput. Phys." }
 @String{CompStruct = "Computers and Structures" }
 @String{CompStruct = "Comput. \& Structures" }
 @String{CompJour = "The Computer Journal" }
 @String{CompJour = "Comput. J." }
 @String{CompSysSci = "Journal of Computer and System Sciences" }
 @String{CompSysSci = "J. Comput. System Sci." }
 @String{Computing = "Computing" }
 @String{ContempMath = "Contemporary Mathematics" }
 @String{ContempMath = "Contemp. Math." }
 @String{Crelle = "Crelle's Journal" }
 @String{GiornaleMath = "Giornale di Mathematiche" }
 @String{GiornaleMath = "Giorn. Mat." } % didn't find in AMS MR., ibid.

 %IEEE
 @String{Computer = "{IEEE} Computer" }
 @String{IEEETransComp = "{IEEE} Transactions on Computers" }
 @String{IEEETransComp = "{IEEE} Trans. Comput." }
 @String{IEEETransAC = "{IEEE} Transactions on Automatic Control" }
 @String{IEEETransAC = "{IEEE} Trans. Automat. Control" }
 @String{IEEESpec = "{IEEE} Spectrum" } % didn't find in AMS MR
 @String{ProcIEEE = "Proceedings of the {IEEE}" }
 @String{ProcIEEE = "Proc. {IEEE}" } % didn't find in AMS MR
 @String{IEEETransAeroElec = "{IEEE} Transactions on Aerospace and Electronic
     Systems" }
 @String{IEEETransAeroElec = "{IEEE} Trans. Aerospace Electron. Systems" }

 @String{IMANumerAna = "{IMA} Journal of Numerical Analysis" }
 @String{IMANumerAna = "{IMA} J. Numer. Anal." }
 @String{InfProcLet = "Information Processing Letters" }
 @String{InfProcLet = "Inform. Process. Lett." }
 @String{InstMathApp = "Journal of the Institute of Mathematics and
     its Applications" }
 @String{InstMathApp = "J. Inst. Math. Appl." }
 @String{IntControl = "International Journal of Control" }
 @String{IntControl = "Internat. J. Control" }
 @String{IntNumerEng = "International Journal for Numerical Methods in
     Engineering" }
 @String{IntNumerEng = "Internat. J. Numer. Methods Engrg." }
 @String{IntSuper = "International Journal of Supercomputing Applications" }
 @String{IntSuper = "Internat. J. Supercomputing Applic." } % didn't find
%% in AMS MR
 @String{Kibernetika = "Kibernetika" }
 @String{JResNatBurStand = "Journal of Research of the National Bureau
     of Standards" }
 @String{JResNatBurStand = "J. Res. Nat. Bur. Standards" }
 @String{LinAlgApp = "Linear Algebra and its Applications" }
 @String{LinAlgApp = "Linear Algebra Appl." }
 @String{MathAnaAppl = "Journal of Mathematical Analysis and Applications" }
 @String{MathAnaAppl = "J. Math. Anal. Appl." }
 @String{MathAnnalen = "Mathematische Annalen" }
 @String{MathAnnalen = "Math. Ann." }
 @String{MathPhys = "Journal of Mathematical Physics" }
 @String{MathPhys = "J. Math. Phys." }
 @String{MathComp = "Mathematics of Computation" }
 @String{MathComp = "Math. Comp." }
 @String{MathScand = "Mathematica Scandinavica" }
 @String{MathScand = "Math. Scand." }
 @String{TablesAidsComp = "Mathematical Tables and Other Aids to Computation" }
 @String{TablesAidsComp = "Math. Tables Aids Comput." }
 @String{NumerMath = "Numerische Mathematik" }
 @String{NumerMath = "Numer. Math." }
 @String{PacificMath = "Pacific Journal of Mathematics" }
 @String{PacificMath = "Pacific J. Math." }
 @String{ParDistComp = "Journal of Parallel and Distributed Computing" }
 @String{ParDistComp = "J. Parallel and Distrib. Comput." } % didn't find
%% in AMS MR
 @String{ParComputing = "Parallel Computing" }
 @String{ParComputing = "Parallel Comput." }
 @String{PhilMag = "Philosophical Magazine" }
 @String{PhilMag = "Philos. Mag." }
 @String{ProcNAS = "Proceedings of the National Academy of Sciences
                    of the USA" }
 @String{ProcNAS = "Proc. Nat. Acad. Sci. U. S. A." }
 @String{Psychometrika = "Psychometrika" }
 @String{QuartMath = "Quarterly Journal of Mathematics, Oxford, Series (2)" }
 @String{QuartMath = "Quart. J. Math. Oxford Ser. (2)" }
 @String{QuartApplMath = "Quarterly of Applied Mathematics" }
 @String{QuartApplMath = "Quart. Appl. Math." }
 @String{RevueInstStat = "Review of the International Statisical Institute" }
 @String{RevueInstStat = "Rev. Inst. Internat. Statist." }

 %SIAM
 @String{JSIAM = "Journal of the Society for Industrial and Applied
     Mathematics" }
 @String{JSIAM = "J. Soc. Indust. Appl. Math." }
 @String{JSIAMB = "Journal of the Society for Industrial and Applied
     Mathematics, Series B, Numerical Analysis" }
 @String{JSIAMB = "J. Soc. Indust. Appl. Math. Ser. B Numer. Anal." }
 @String{SIAMAlgMeth = "{SIAM} Journal on Algebraic and Discrete Methods" }
 @String{SIAMAlgMeth = "{SIAM} J. Algebraic Discrete Methods" }
 @String{SIAMAppMath = "{SIAM} Journal on Applied Mathematics" }
 @String{SIAMAppMath = "{SIAM} J. Appl. Math." }
 @String{SIAMComp = "{SIAM} Journal on Computing" }
 @String{SIAMComp = "{SIAM} J. Comput." }
 @String{SIAMMatrix = "{SIAM} Journal on Matrix Analysis and Applications" }
 @String{SIAMMatrix = "{SIAM} J. Matrix Anal. Appl." }
 @String{SIAMNumAnal = "{SIAM} Journal on Numerical Analysis" }
 @String{SIAMNumAnal = "{SIAM} J. Numer. Anal." }
 @String{SIAMReview = "{SIAM} Review" }
 @String{SIAMReview = "{SIAM} Rev." }
 @String{SIAMSciStat = "{SIAM} Journal on Scientific and Statistical
     Computing" }
 @String{SIAMSciStat = "{SIAM} J. Sci. Statist. Comput." }

 @String{SoftPracExp = "Software Practice and Experience" }
 @String{SoftPracExp = "Software Prac. Experience" } % didn't find in AMS MR
 @String{StatScience = "Statistical Science" }
 @String{StatScience = "Statist. Sci." }
 @String{Techno = "Technometrics" }
 @String{USSRCompMathPhys = "{USSR} Computational Mathematics and Mathematical
     Physics" }
 @String{USSRCompMathPhys = "{U. S. S. R.} Comput. Math. and Math. Phys." }
 @String{VLSICompSys = "Journal of {VLSI} and Computer Systems" }
 @String{VLSICompSys = "J. {VLSI} Comput. Syst." }
 @String{ZAngewMathMech = "Zeitschrift fur Angewandte Mathematik und
     Mechanik" }
 @String{ZAngewMathMech = "Z. Angew. Math. Mech." }
 @String{ZAngewMathPhys = "Zeitschrift fur Angewandte Mathematik und Physik" }
 @String{ZAngewMathPhys = "Z. Angew. Math. Phys." }

% Publishers % ================================================= |

 @String{Academic = "Academic Press" }
 @String{ACMPress = "{ACM} Press" }
 @String{AdamHilger = "Adam Hilger" }
 @String{AddisonWesley = "Addison-Wesley" }
 @String{AllynBacon = "Allyn and Bacon" }
 @String{AMS = "American Mathematical Society" }
 @String{Birkhauser = "Birkh{\"a}user" }
 @String{CambridgePress = "Cambridge University Press" }
 @String{Chelsea = "Chelsea" }
 @String{ClaredonPress = "Claredon Press" }
 @String{DoverPub = "Dover Publications" }
 @String{Eyolles = "Eyolles" }
 @String{HoltRinehartWinston = "Holt, Rinehart and Winston" }
 @String{Interscience = "Interscience" }
 @String{JohnsHopkinsPress = "The Johns Hopkins University Press" }
 @String{JohnWileySons = "John Wiley and Sons" }
 @String{Macmillan = "Macmillan" }
 @String{MathWorks = "The Math Works Inc." }
 @String{McGrawHill = "McGraw-Hill" }
 @String{NatBurStd = "National Bureau of Standards" }
 @String{NorthHolland = "North-Holland" }
 @String{OxfordPress = "Oxford University Press" }  %address Oxford or London?
 @String{PergamonPress = "Pergamon Press" }
 @String{PlenumPress = "Plenum Press" }
 @String{PrenticeHall = "Prentice-Hall" }
 @String{SIAMPub = "{SIAM} Publications" }
 @String{Springer = "Springer-Verlag" }
 @String{TexasPress = "University of Texas Press" }
 @String{VanNostrand = "Van Nostrand" }
 @String{WHFreeman = "W. H. Freeman and Co." }

@article{cook1971complexity,
  title={The complexity of theorem-proving procedures},
  author={Cook and  Stephen, A. },
  journal={ACM},
  pages={151-158},
  year={1971},
}
@book{claymillennium,
  title={The Millennium Prize Problems},
  author={ Carlson, J  and  Jaffe, A  and  Wiles, A },
  publisher={The millennium prize problems},
  year={2006},
}
@article{cormen2009introduction,
  title={Introduction to Algorithms, 3rd Ed},
  author={ Cormen, T. H.  and  Leiserson, C. E.  and  Rivest, R. L.  and  Stein, C. },
}
@article{held1962dynamic,
  title={A Dynamic Programming Approach to Sequencing Problems},
  author={ Karp, Held Richard M. },
  journal={Journal of the Society for Industrial \& Applied Mathematics},
  volume={10},
  number={1},
  pages={196-210},
  year={1962},
}
@article{yilmaz2020analysis,
  title={Analysis of Brute Force and Branch \& Bound Algorithms to solve the Traveling Salesperson Problem (TSP)},
  author={ Violina, Sriyani },
  year={2021},
}
@article{christofides1976worst,
  title={Worst-case analysis of a new heuristic for the traveling salesman problem},
  author={ Rosenkrantz, Daniel J  and  Stearns, Richard E  and  Ii, Philip M. Lewis },
  year={1976},
}
@article{karp1972reducibility,
  title={Reducibility among combinatorial problems" in complexity of computer computations},
  author={ Karp, R. },
  year={1972},
}
@article{garey1979computers,
  title={Computers and Intractability: A Guide to the Theory of NP-Completeness},
  author={ Garey, Michael R  and  Johnson, David S },
  journal={W. H. Freeman},
  year={1983},
}
@inproceedings{dinur2005analytical,
	author    = { Dinur, I.  and  Safra, S. },
	title     = {Analytical Approach to PCPs: The Characterization of NP},
	booktitle = {Proceedings of the 46th Annual IEEE Symposium on Foundations of Computer Science},
	year      = {2005},
	pages     = {2--12}
}
@article{chen2006improved,
  title={Vertex Cover: Further Observations and Further Improvements},
  author={ Chen, Jianer  and  Kanj, Iyad A.  and  Jia, Weijia },
  journal={Journal of Algorithms},
  volume={41},
  number={ 2},
  pages={280-301},
  year={2001},
}
@article{fomin2016exact,
  title={Exact Exponential Algorithms},
  author={ Fomin, Fedor V.  and  Kaski, Petteri },
  journal={Communications of the Acm},
  volume={56},
  number={3},
  pages={80-88},
  year={2013},
}
@article{juan2023solving,
  title={Solving NP-Hard Challenges in Logistics and Transportation under General Uncertainty Scenarios Using Fuzzy Simheuristics},
  author={ Juan, Angel A.  and  Rabe, Markus  and  Ammouriova, Majsa  and  Panadero, Javier  and  Peidro, David  and  Riera, Daniel },
  journal={Algorithms},
  volume={16},
  number={12},
  pages={14},
  year={2023},
}
@book{sipser2012introduction,
  title={Introduction to the theory of computation},
  author={ Sipser, Michael },
  publisher={Introduction to the theory of computation},
  year={1973},
}
@article{J2014The,
  title={The traveling salesman problem and its variations},
  author={ Gutin, Gregory  and  Punnen, Abraham  and  Barvinok, Alexander  and  Gimadi, Edward Kh.  and  Serdyukov, Anatoliy I. },
  journal={Springer US},
  year={2001},
}
@article{redahd2025,
  title={RedAHD: Reduction-Based End-to-End Automatic Heuristic Design with Large Language Models},
  author={ Thach, Nguyen  and  Riahifar, Aida  and  Huynh, Nathan  and  Chan, Hau },
  year={2025},
}
@article{2020Parameterized,
  title={Parameterized algorithms of fundamental NP-hard problems: a survey},
  author={ Li, Wenjun  and  Ding, Yang  and  Yang, Yongjie  and  Sherratt, R. Simon  and  Park, Jong Hyuk  and  Wang, Jin },
  journal={SpringerOpen},
  number={1},
  year={2020},
}
@article{Josep2006Kernels,
  title={Kernels for the Vertex Cover Problem on the Preferred Attachment Model},
  author={Josep Díaz and  Petit, Jordi  and  Thilikos, Dimitrios M. },
  journal={Springer-Verlag},
  year={2006},
}
@article{1998An,
  title={An experimental study of LP-based approximation algorithms for scheduling problems},
  author={ Savelsbergh, Martin W. P.  and  Uma, R. N.  and  Wein, Joel },
  journal={Informs Journal on Computing},
  volume={17},
  number={1},
  year={1998},
}
@article{2014Satisfiability,
  title={Satisfiability Allows No Nontrivial Sparsification Unless The Polynomial-Time Hierarchy Collapses},
  author={ Dell, Holger  and  Melkebeek, Dieter Van },
  journal={Journal of the ACM (JACM)},
  volume={61},
  number={4},
  pages={1-27},
  year={2014},
}
@article{Scott2009Algebrization,
  title={Algebrization: A New Barrier in Complexity Theory},
  author={Scott and Aaronson and Avi and Wigderson},
  journal={ACM Transactions on Computation Theory},
  volume={1},
  number={1},
  pages={1-54},
  year={2009},
}